@book{griffiths2016introduction,
  title={Introduction to quantum mechanics 2nd edition},
  author={Griffiths, David J},
  year={2016},
  publisher={Cambridge University Press}
}
